@misc{gonzalezaparicio2017jrc,
    author = {Gonzalez Aparicio, Iratxe and Huld, Thomas and Careri, Francesco and Monforti Ferrario, Fabio and Zucker, Andreas},
    title = {Solar hourly generation time series at country, NUTS 1, NUTS 2 level and bidding zones},
    year = {2017},
    publisher = {European Commission, Joint Research Centre (JRC)},
    howpublished = {[Dataset]},
    note = {PID: \url{http://data.europa.eu/89h/jrc-emhires-solar-generation-time-series}}
}


@dataset{gonzalez-aparicio2021emhires,
  author = {Gonzalez-Aparicio, Iratxe and Zucker, Andreas and Careri, Francesco and Monforti, Fabio and Huld, Thomas and Badger, Jake},
  title = {{EMHIRES dataset: wind and solar power generation}},
  year = {2021},
  publisher = {Zenodo},
  doi = {10.5281/zenodo.8340501},
  url = {https://doi.org/10.5281/zenodo.8340501},
}


@dataset{iea_data,
  author = {IEA},
  title = {IEA Monthly Electricity Statistics},
  url = {https://www.iea.org/data-and-statistics/data-product/monthly-electricity-statistics},
}

@online{global-weather-repository,
  title = {World Weather Repository},
  url = {https://www.kaggle.com/datasets/nelgiriyewithana/global-weather-repository},
  note = {Avaiable on Kaggle},
}

@online{Norway-Meteorological-Dataset,
  title = {Norway Meteorological Dataset},
  url = {https://www.kaggle.com/datasets/annbengardt/noway-meteorological-data/data},
  note = {Avaiable on Kaggle},
}


